% This file was created with JabRef 2.6.
% Encoding: Cp1252


@BOOK{hinze:op_pde_constraints,
  title = "Optimazation with PDE Constraints",
  publisher = "Springer",
  year = "2009",
  adress    = "New York",
  author = "M. Hinze and R. Pinnau and M. Ulbrich and S. Ulbrich",
  isbn = "978-1-4020-8838-4"
}

@conference {kunisch,
	booktitle = "Lipschitz Lectures",
	title = "Semi-smooth Newton Methods for Non-differentiable Optimazation Problems",
	address = "Universit{\"a}t Graz",
	year = "2008",
	author = "Karl Kunisch",
	note = "http://math.uni-graz.at/kunisch/papers/lipschitzlectureskunisch.pdf"
}

@BOOK{braides,
	title = "$\Gamma$-convergence for Beginners",
	publisher ="Oxford University Press",
	year = "2005",
	adress    = "New York",
	author = "Andrea Braides",
	isbn= "0-19-850784-4"	
}

@BOOK{braess,
	title = "Finite Elemente",
	publisher = "Springer-Verlag",
	year = "1992",
	adress    = "Heidelberg",
	author = "Dietrich Braess",
	isbn = "3-540-54794-0"	
}

@booklet{op,
	author = {Prof. Benedikt Wirth},
	title = {Vorlesung Optimierung II},
}

@booklet{pdgl,
	author = {Prof. Benedikt Wirth},
	title = {Vorlesung partielle Differentialgleichungen},
}

@booklet{npdgl,
	author = {Dr. Frank W{\"u}bbeling},
	title = {Vorlesung Numerik partieller Differentialgleichungen},
}


@comment{jabref-meta: selector_publisher:}

@comment{jabref-meta: selector_author:}

@comment{jabref-meta: selector_journal:}

@comment{jabref-meta: selector_keywords:}

